#references

#################################################################################
#Introduction to migration
#################################################################################
@book{de2020age,
  title={The Age of Migration: International Population Movements in the Modern World},
  author={de Haas, Hein and Miller, Mark J and Castles, Stephen},
  year={2020},
  publisher={Red Globe Press}
}

@article{sassen1989america,
  title={America's Immigration" Problem"},
  author={Sassen, Saskia},
  journal={World Policy Journal},
  volume={6},
  number={4},
  pages={811--832},
  year={1989},
  publisher={JSTOR}
}


@article{massey1993theories,
  title={Theories of international migration: A review and appraisal},
  author={Massey, Douglas S and Arango, Joaquin and Hugo, Graeme and Kouaouci, Ali and Pellegrino, Adela and Taylor, J Edward},
  journal={Population and development review},
  pages={431--466},
  year={1993},
  publisher={JSTOR},
  keywords={theories}
}

@inbook{massey1999why,
 ISBN = {9780871542441},
 URL = {http://www.jstor.org/stable/10.7758/9781610442893.9},
 abstract = {The modern history of international migration can be divided roughly into four periods. During themercantile period, from 1500 to 1800, world immigration flows were dominated by Europe and stemmed from processes of colonization and economic growth under mercantile capitalism. Over the course of three hundred years, Europeans inhabited large portions of the Americas, Africa, Asia, and Oceania. Although the exact number of colonizing emigrants is unknown, the outflow was sufficient to establish Europe’s dominion over large parts of the world. During this period, emigrants generally fell into three classes: a relatively large number of agrarian settlers, a smaller number},
 author = {Douglas S. Massey},
 booktitle = {Handbook of International Migration, The: The American Experience},
 pages = {34--52},
 publisher = {Russell Sage Foundation},
 title = {Why Does Immigration Occur?: A Theoretical Synthesis},
 year = {1999}
}


@article{zelinsky1971hypothesis,
  title={The hypothesis of the mobility transition},
  author={Zelinsky, Wilbur},
  journal={Geographical review},
  pages={219--249},
  year={1971},
  publisher={JSTOR},
  keywords={theories}
}

@article{stark1985new,
  title={The new economics of labor migration},
  author={Stark, Oded and Bloom, David E},
  journal={The american Economic review},
  volume={75},
  number={2},
  pages={173--178},
  year={1985},
  publisher={JSTOR},
  keywords={theories}
}

@book{brettell2014migration,
  title={Migration theory: Talking across disciplines},
  author={Brettell, Caroline B and Hollifield, James F},
  year={2014},
  publisher={Routledge},
  keywords={theories}
}

@article{lee1966theory,
  title={A theory of migration},
  author={Lee, Everett S},
  journal={Demography},
  volume={3},
  number={1},
  pages={47--57},
  year={1966},
  publisher={Springer},
  keywords={theories}
}


@book{garip2019move,
  title={On the move: Changing mechanisms of Mexico-US migration},
  author={Garip, Filiz},
  volume={2},
  year={2019},
  publisher={Princeton University Press}
}

@article{mckeown2004global,
  title={Global Migration, 1846-1940},
  author={McKeown, Adam},
  journal={Journal of World History},
  pages={155--189},
  year={2004},
  publisher={JSTOR}
}

#################################################################################
#################################################################################

%%Methods
@book{bijak2010forecasting,
  title={Forecasting international migration in Europe: A Bayesian view},
  author={Bijak, Jakub},
  volume={24},
  year={2010},
  publisher={Springer Science \& Business Media},
  keywords = {methods}
}
@book{wachter2014essential,
  title={Essential demographic methods},
  author={Wachter, Kenneth W},
  year={2014},
  publisher={Harvard University Press},
  keywords = {methods}
}

@book{yusuf2014methods,
  title={Methods of demographic analysis},
  author={Yusuf, Farhat and Martins, Jo M and Swanson, David A and Martins, Jo M and Swanson, David A},
  year={2014},
  publisher={Springer},
  keywords = {methods}
}
@book{rogers2010indirect,
  title={The indirect estimation of migration: Methods for dealing with irregular, inadequate, and missing data},
  author={Rogers, Andrei and Little, Jani and Raymer, James},
  volume={26},
  year={2010},
  publisher={Springer Science \& Business Media},
  keywords = {methods}
}
@inproceedings{zagheni2014inferring,
  title={Inferring international and internal migration patterns from twitter data},
  author={Zagheni, Emilio and Garimella, Venkata Rama Kiran and Weber, Ingmar and State, Bogdan},
  booktitle={Proceedings of the 23rd International Conference on World Wide Web},
  pages={439--444},
  year={2014},
  keywords = {methods}
}

@inproceedings{bijak2005bayesian,
  title={Bayesian methods in international migration forecasting},
  author={Bijak, Jakub},
  year={2005},
  organization={Central European Forum for Migration Research},
  keywords = {methods}
}
@incollection{willekens2016migration,
  title={Migration flows: Measurement, analysis and modeling},
  author={Willekens, Frans},
  booktitle={International handbook of migration and population distribution},
  pages={225--241},
  year={2016},
  publisher={Springer},
  keywords = {methods}
}
@inproceedings{messias2016migration,
  title={From migration corridors to clusters: The value of Google+ data for migration studies},
  author={Messias, Johnnatan and Benevenuto, Fabricio and Weber, Ingmar and Zagheni, Emilio},
  booktitle={2016 IEEE/ACM International Conference on Advances in Social Networks Analysis and Mining (ASONAM)},
  pages={421--428},
  year={2016},
  organization={IEEE},
  keywords = {methods}
}
@article{bell2015demography,
  title={Demography, time and space},
  author={Bell, Martin},
  journal={Journal of Population Research},
  volume={32},
  number={3-4},
  pages={173--186},
  year={2015},
  publisher={Springer},
  keywords = {methods}
}
@article{willekens2016international,
  title={International migration under the microscope},
  author={Willekens, Frans and Massey, Douglas and Raymer, James and Beauchemin, Cris},
  journal={Science},
  volume={352},
  number={6288},
  pages={897--899},
  year={2016},
  publisher={American Association for the Advancement of Science},
  keywords = {methods}
}

@article{zagheni2017leveraging,
  title={Leveraging facebook's advertising platform to monitor stocks of migrants},
  author={Zagheni, Emilio and Weber, Ingmar and Gummadi, Krishna},
  journal={Population and Development Review},
  pages={721--734},
  year={2017},
  publisher={JSTOR},
  keywords = {methods}
}
@article{silverman2013demography,
  title={When demography met social simulation: A tale of two modelling approaches},
  author={Silverman, Eric and Bijak, Jakub and Hilton, Jason and Cao, Viet Dung and Noble, Jason},
  journal={Journal of Artificial Societies and Social Simulation},
  volume={16},
  number={4},
  pages={9},
  year={2013},
  keywords = {methods}
}

@article{klabunde2016decision,
  title={Decision-making in agent-based models of migration: state of the art and challenges},
  author={Klabunde, Anna and Willekens, Frans},
  journal={European Journal of Population},
  volume={32},
  number={1},
  pages={73--97},
  year={2016},
  publisher={Springer},
  keywords = {methods}
}


@article{rogers1981model,
  title={Model migration schedules},
  author={Rogers, Andrei and Castro, Luis J},
  year={1981},
  publisher={International Institute for Applied Systems Analysis},
  keywords = {methods}
}
@article{liu2016prospects,
  title={Prospects for the comparative study of international migration using quasi-longitudinal micro-data},
  author={Liu, Mao-Mei and Creighton, Mathew J and Riosmena, Fernando and Mun͂oz, Pau Baiazn},
  journal={Demographic research},
  volume={35},
  pages={745},
  year={2016},
  publisher={NIH Public Access},
  keywords = {methods}
}
@article{riosmena2016potential,
  title={The potential and limitations of cross-context comparative research on migration},
  author={Riosmena, Fernando},
  journal={The ANNALS of the American Academy of Political and Social Science},
  volume={666},
  number={1},
  pages={28--45},
  year={2016},
  publisher={SAGE Publications Sage CA: Los Angeles, CA},
  keywords = {methods}
}
@article{beauchemin2014manifesto,
  title={A manifesto for quantitative multi-sited approaches to international migration},
  author={Beauchemin, Cris},
  journal={International Migration Review},
  volume={48},
  number={4},
  pages={921--938},
  year={2014},
  publisher={SAGE Publications Sage CA: Los Angeles, CA},
  keywords = {methods}
}

@article{hawelka2014geo,
  title={Geo-located Twitter as proxy for global mobility patterns},
  author={Hawelka, Bartosz and Sitko, Izabela and Beinat, Euro and Sobolevsky, Stanislav and Kazakopoulos, Pavlos and Ratti, Carlo},
  journal={Cartography and Geographic Information Science},
  volume={41},
  number={3},
  pages={260--271},
  year={2014},
  publisher={Taylor \& Francis},
  keywords = {methods}
}

@article{weber2015demographic,
  title={Demographic research with non-representative internet data},
  author={Weber, Ingmar},
  journal={International Journal of Manpower},
  volume={36},
  number={1},
  pages={13--25},
  year={2015},
  publisher={Emerald Group Publishing Limited},
  keywords = {methods}
}

@article{cesare2018promises,
  title={Promises and pitfalls of using digital traces for demographic research},
  author={Cesare, Nina and Lee, Hedwig and McCormick, Tyler and Spiro, Emma and Zagheni, Emilio},
  journal={Demography},
  volume={55},
  number={5},
  pages={1979--1999},
  year={2018},
  publisher={Springer},
  keywords = {methods}
}
@article{hughes2016inferring,
  title={Inferring Migrations: Traditional Methods and New Approaches based on Mobile Phone, Social Media, and other Big Data: Feasibility study on Inferring (labour) mobility and migration in the European Union from big data and social media data},
  author={Hughes, Christina and Zagheni, Emilio and Abel, Guy J and Sorichetta, Alessandro and Wi'sniowski, Arkadius and Weber, Ingmar and Tatem, Andrew J},
  year={2016},
  publisher={European Union},
  keywords = {methods}
}

@article{moed2014bibliometric,
  title={A bibliometric approach to tracking international scientific migration},
  author={Moed, Henk F and Halevi, Gali},
  journal={Scientometrics},
  volume={101},
  number={3},
  pages={1987--2001},
  year={2014},
  publisher={Springer},
  keywords = {methods}
}

@article{ruggles2014big,
  title={Big microdata for population research},
  author={Ruggles, Steven},
  journal={Demography},
  volume={51},
  number={1},
  pages={287--297},
  year={2014},
  publisher={Springer},
  keywords = {methods}
}
@article{bell2015internal,
  title={Internal migration data around the world: Assessing contemporary practice},
  author={Bell, Martin and Charles-Edwards, Elin and Kupiszewska, Dorota and Kupiszewski, Marek and Stillwell, John and Zhu, Yu},
  journal={Population, Space and Place},
  volume={21},
  number={1},
  pages={1--17},
  year={2015},
  publisher={Wiley Online Library},
  keywords = {methods}
}
@article{bell2002cross,
  title={Cross-national comparison of internal migration: issues and measures},
  author={Bell, Martin and Blake, Marcus and Boyle, Paul and Duke-Williams, Oliver and Rees, Philip and Stillwell, John and Hugo, Graeme},
  journal={Journal of the Royal Statistical Society: Series A (Statistics in Society)},
  volume={165},
  number={3},
  pages={435--464},
  year={2002},
  publisher={Wiley Online Library},
  keywords = {methods}
}
@article{rees2000problems,
  title={Problems and solutions in the measurement of migration intensities: Australia and Britain compared},
  author={Rees, Philip and Bell, Martin and Duke-Williams, Oliver and Blake, Marcus},
  journal={Population Studies},
  volume={54},
  number={2},
  pages={207--222},
  year={2000},
  publisher={Taylor \& Francis},
  keywords = {methods}
}
@article{rees2017impact,
  title={The impact of internal migration on population redistribution: An international comparison},
  author={Rees, Philip and Bell, Martin and Kupiszewski, Marek and Kupiszewska, Dorota and Ueffing, Philipp and Bernard, Aude and Charles-Edwards, Elin and Stillwell, John},
  journal={Population, Space and Place},
  volume={23},
  number={6},
  pages={e2036},
  year={2017},
  publisher={Wiley Online Library},
  keywords = {methods}
}
@article{bernard2017cohort,
  title={Cohort measures of internal migration: Understanding long-term trends},
  author={Bernard, Aude},
  journal={Demography},
  volume={54},
  number={6},
  pages={2201--2221},
  year={2017},
  publisher={Springer},
  keywords = {methods}
}
@article{bernard2014life,
  title={Life-course transitions and the age profile of internal migration},
  author={Bernard, Aude and Bell, Martin and Charles-Edwards, Elin},
  journal={Population and Development Review},
  volume={40},
  number={2},
  pages={213--239},
  year={2014},
  publisher={Wiley Online Library},
  keywords = {methods}
}
@article{blumenstock2012inferring,
  title={Inferring patterns of internal migration from mobile phone call records: evidence from Rwanda},
  author={Blumenstock, Joshua E},
  journal={Information Technology for Development},
  volume={18},
  number={2},
  pages={107--125},
  year={2012},
  publisher={Taylor \& Francis},
  keywords = {methods}
}

%%Gender
@book{cantu2009sexuality,
  title={The sexuality of migration: Border crossings and Mexican immigrant men},
  author={Cant{\'u}, Lionel},
  volume={5},
  year={2009},
  publisher={NYU Press},
  keywords ={gender}
}

@article{liu2018sibling,
  title={Sibling position, gender, and family networks in Mexican and Senegalese migration},
  author={Liu, Mao-Mei and Riosmena, Fernando and Creighton, Mathew J},
  journal={Population, Space and Place},
  volume={24},
  number={7},
  pages={e2161},
  year={2018},
  publisher={Wiley Online Library},
  keywords ={gender}
}
@article{hondagneu2000feminism,
  title={Feminism and migration},
  author={Hondagneu-Sotelo, Pierrette},
  journal={The Annals of the American Academy of Political and Social Science},
  volume={571},
  number={1},
  pages={107--120},
  year={2000},
  publisher={Sage Publications Sage CA: Thousand Oaks, CA},
  keywords ={gender}
}

@article{mahler2006gender,
  title={Gender matters: Ethnographers bring gender from the periphery toward the core of migration studies},
  author={Mahler, Sarah J and Pessar, Patricia R},
  journal={International migration review},
  volume={40},
  number={1},
  pages={27--63},
  year={2006},
  publisher={Wiley Online Library},
  keywords ={gender}
}
@article{pessar2003transnational,
  title={Transnational migration: Bringing gender in},
  author={Pessar, Patricia R and Mahler, Sarah J},
  journal={International migration review},
  volume={37},
  number={3},
  pages={812--846},
  year={2003},
  publisher={Wiley Online Library},
  keywords ={gender}
}
@article{lutz2010gender,
  title={Gender in the migratory process},
  author={Lutz, Helma},
  journal={Journal of ethnic and migration studies},
  volume={36},
  number={10},
  pages={1647--1663},
  year={2010},
  publisher={Taylor \& Francis},
  keywords ={gender}
}
@article{nawyn2010gender,
  title={Gender and migration: Integrating feminist theory into migration studies},
  author={Nawyn, Stephanie J},
  journal={Sociology Compass},
  volume={4},
  number={9},
  pages={749--765},
  year={2010},
  publisher={Wiley Online Library},
  keywords ={gender}
}

@article{acosta2008lesbianas,
  title={Lesbianas in the borderlands: Shifting identities and imagined communities},
  author={Acosta, Katie L},
  journal={Gender \& Society},
  volume={22},
  number={5},
  pages={639--659},
  year={2008},
  publisher={Sage Publications Sage CA: Los Angeles, CA},
  keywords ={gender}
}
@article{menjivar2006liminal,
  title={Liminal legality: Salvadoran and Guatemalan immigrants' lives in the United States},
  author={Menj{\'\i}var, Cecilia},
  journal={American journal of sociology},
  volume={111},
  number={4},
  pages={999--1037},
  year={2006},
  publisher={The University of Chicago Press},
  keywords ={gender}
}

@article{golash2013latino,
  title={Latino immigrant men and the deportation crisis: A gendered racial removal program},
  author={Golash-Boza, Tanya and Hondagneu-Sotelo, Pierrette},
  journal={Latino Studies},
  volume={11},
  number={3},
  pages={271--292},
  year={2013},
  publisher={Springer},
  keywords ={gender}
}
@article{cerrutti2001auspices,
  title={On the auspices of female migration from Mexico to the United States},
  author={Cerrutti, Marcela and Massey, Douglas S},
  journal={Demography},
  volume={38},
  number={2},
  pages={187--200},
  year={2001},
  publisher={Springer},
  keywords ={gender}
}

@article{parrado2005migration,
  title={Migration and gender among Mexican women},
  author={Parrado, Emilio A and Flippen, Chenoa A},
  journal={American sociological review},
  volume={70},
  number={4},
  pages={606--632},
  year={2005},
  publisher={Sage Publications Sage CA: Los Angeles, CA},
  keywords ={gender}
}

@article{massey2006international,
  title={International migration and gender in Latin America: A comparative analysis},
  author={Massey, Douglas S and Fischer, Mary J and Capoferro, Chiara},
  journal={International migration},
  volume={44},
  number={5},
  pages={63--91},
  year={2006},
  publisher={Wiley Online Library},
  keywords ={gender}
}

@article{donato2011variations,
  title={Variations in the gender composition of immigrant populations: How they matter},
  author={Donato, Katharine M and Alexander, Joseph T and Gabaccia, Donna R and Leinonen, Johanna},
  journal={International Migration Review},
  volume={45},
  number={3},
  pages={495--526},
  year={2011},
  publisher={SAGE Publications Sage CA: Los Angeles, CA},
  keywords ={gender}
}

@article{fleury2016understanding,
  title={Understanding women and migration: A literature review},
  author={Fleury, Anjali},
  journal={Glob Knowl Partnersh Migr Dev Work Pap},
  volume={8},
  year={2016},
  keywords ={gender}
}
@article{semyonov2005labor,
  title={Labor Migration, Remittances and Household Income: A Comparison between Filipino and Filipina Overseas Workers 1},
  author={Semyonov, Moshe and Gorodzeisky, Anastasia},
  journal={International Migration Review},
  volume={39},
  number={1},
  pages={45--68},
  year={2005},
  publisher={Wiley Online Library},
  keywords ={gender}
}

@article{kunz2008remittances,
  title={Remittances are Beautiful? Gender implications of the new global remittances trend},
  author={Kunz, Rahel},
  journal={Third World Quarterly},
  volume={29},
  number={7},
  pages={1389--1409},
  year={2008},
  publisher={Taylor \& Francis},
  keywords ={gender}
}
@article{holst2011remittances,
  title={Remittances and gender: Theoretical considerations and empirical evidence},
  author={Holst, Elke and Sch{\"a}fer, Andrea and Schrooten, Mechthild},
  year={2011},
  publisher={IZA discussion paper},
  keywords ={gender}
}
@article{lopez2011impact,
  title={The impact of remittances on gender roles and opportunities for children in recipient families: Research from the International Organization for Migration},
  author={Lopez-Ekra, Sylvia and Aghazarm, Christine and K{\"o}tter, Henriette and Mollard, Blandine},
  journal={Gender \& Development},
  volume={19},
  number={1},
  pages={69--80},
  year={2011},
  publisher={Taylor \& Francis},
  keywords ={gender}
}
@article{mckenzie2011meanings,
  title={The meanings of migration, remittances and gifts: views of Honduran women who stay},
  author={McKenzie, Sean and Menj{\'\i}var, Cecilia},
  journal={Global Networks},
  volume={11},
  number={1},
  pages={63--81},
  year={2011},
  publisher={Wiley Online Library},
  keywords ={gender}
}
@article{bansak2009remittances,
  title={How do remittances affect human capital formation of school-age boys and girls?},
  author={Bansak, Cynthia and Chezum, Brian},
  journal={American Economic Review},
  volume={99},
  number={2},
  pages={145--48},
  year={2009},
  keywords ={gender}
}
@article{amuedo2006migration,
  title={Migration, remittances, and male and female employment patterns},
  author={Amuedo-Dorantes, Catalina and Pozo, Susan},
  journal={American Economic Review},
  volume={96},
  number={2},
  pages={222--226},
  year={2006},
  keywords ={gender}
}
@article{kanaiaupuni2000reframing,
  title={Reframing the migration question: An analysis of men, women, and gender in Mexico},
  author={Kanaiaupuni, Shawn Malia},
  journal={Social forces},
  volume={78},
  number={4},
  pages={1311--1347},
  year={2000},
  publisher={The University of North Carolina Press},
  keywords ={gender}
}
@article{curran2003engendering,
  title={Engendering migrant networks: The case of Mexican migration},
  author={Curran, Sara R and Rivero-Fuentes, Estela},
  journal={Demography},
  volume={40},
  number={2},
  pages={289--307},
  year={2003},
  publisher={Springer},
  keywords ={gender}
}
@article{curran2005gendered,
  title={Gendered migrant social capital: Evidence from Thailand},
  author={Curran, Sara R and Garip, Filiz and Chung, Chang Y and Tangchonlatip, Kanchana},
  journal={Social forces},
  volume={84},
  number={1},
  pages={225--255},
  year={2005},
  publisher={The University of North Carolina Press},
  keywords ={gender}
}
@article{parrado2005migration,
  title={Migration and relationship power among Mexican women},
  author={Parrado, Emilio A and Flippen, Chenoa A and McQuiston, Chris},
  journal={Demography},
  volume={42},
  number={2},
  pages={347--372},
  year={2005},
  publisher={Springer},
  keywords ={gender}
}
%%Family 
@article{mincer1978family,
  title={Family migration decisions},
  author={Mincer, Jacob},
  journal={Journal of political Economy},
  volume={86},
  number={5},
  pages={749--773},
  year={1978},
  publisher={The University of Chicago Press},
  keywords={family}
}
@article{kulu2007family,
  title={Family change and migration in the life course: An introduction},
  author={Kulu, Hill and Milewski, Nadja},
  journal={Demographic research},
  volume={17},
  pages={567--590},
  year={2007},
  publisher={JSTOR},
  keywords={family}
}
@article{boyd1989family,
  title={Family and personal networks in international migration: recent developments and new agendas},
  author={Boyd, Monica},
  journal={International migration review},
  volume={23},
  number={3},
  pages={638--670},
  year={1989},
  publisher={SAGE Publications Sage CA: Los Angeles, CA},
  keywords={family}
}
@article{bielby1992will,
  title={I will follow him: Family ties, gender-role beliefs, and reluctance to relocate for a better job},
  author={Bielby, William T and Bielby, Denise D},
  journal={American Journal of Sociology},
  volume={97},
  number={5},
  pages={1241--1267},
  year={1992},
  publisher={University of Chicago Press},
  keywords={family}
}
@article{shauman2010gender,
  title={Gender asymmetry in family migration: Occupational inequality or interspousal comparative advantage?},
  author={Shauman, Kimberlee A},
  journal={Journal of Marriage and Family},
  volume={72},
  number={2},
  pages={375--392},
  year={2010},
  publisher={Wiley Online Library},
  keywords={family}
}

@article{shauman2007family,
  title={Family migration and labor force outcomes: Sex differences in occupational context},
  author={Shauman, Kimberlee A and Noonan, Mary C},
  journal={Social Forces},
  volume={85},
  number={4},
  pages={1735--1764},
  year={2007},
  publisher={The University of North Carolina Press},
  keywords={family}
}
@article{cooke2009longitudinal,
  title={A longitudinal analysis of family migration and the gender gap in earnings in the United States and Great Britain},
  author={Cooke, Thomas J and Boyle, Paul and Couch, Kenneth and Feijten, Peteke},
  journal={Demography},
  volume={46},
  number={1},
  pages={147--167},
  year={2009},
  publisher={Springer},
  keywords={family}
}
@article{raghuram2004difference,
  title={The difference that skills make: gender, family migration strategies and regulated labour markets},
  author={Raghuram, Parvati},
  journal={Journal of ethnic and migration studies},
  volume={30},
  number={2},
  pages={303--321},
  year={2004},
  publisher={Taylor \& Francis},
  keywords={family}
}

@article{lacroix2019life,
  title={A Life Course Approach to Immigrants’ Relocation: Linking Long-and Short-istance Mobility Sequences},
  author={Lacroix, Julie and Zufferey, Jonathan},
  journal={Migration letters},
  volume={16},
  number={2},
  pages={283--300},
  year={2019},
  keywords={family}
}
@article{de2008family,
  title={Family life course transitions and the economic consequences of internal migration},
  author={De Jong, Gordon F and Graefe, Deborah Roempke},
  journal={Population, Space and Place},
  volume={14},
  number={4},
  pages={267--282},
  year={2008},
  publisher={Wiley Online Library},
  keywords={family}
}
@article{cooke2008migration,
  title={Migration in a family way},
  author={Cooke, Thomas J},
  journal={Population, Space and Place},
  volume={14},
  number={4},
  pages={255--265},
  year={2008},
  publisher={Wiley Online Library},
  keywords={family}
}
@article{nobles2013migration,
  title={Migration and father absence: Shifting family structure in Mexico},
  author={Nobles, Jenna},
  journal={Demography},
  volume={50},
  number={4},
  pages={1303--1314},
  year={2013},
  publisher={Springer},
  keywords={family}
}
@article{nobles2011parenting,
  title={Parenting from abroad: Migration, nonresident father involvement, and children's education in Mexico},
  author={Nobles, Jenna},
  journal={Journal of Marriage and Family},
  volume={73},
  number={4},
  pages={729--746},
  year={2011},
  publisher={Wiley Online Library},
  keywords={family}
}
@article{gao2010impact,
  title={The impact of parental migration on health status and health behaviours among left behind adolescent school children in China},
  author={Gao, Yang and Li, Li Ping and Kim, Jean Hee and Congdon, Nathan and Lau, Joseph and Griffiths, Sian},
  journal={BMC public health},
  volume={10},
  number={1},
  pages={56},
  year={2010},
  publisher={Springer},
  keywords={family}
}
@article{yeung2016left,
  title={Left behind by parents in China: Internal migration and adolescents’ well-being},
  author={Yeung, Wei-Jun Jean and Gu, Xiaorong},
  journal={Marriage \& family review},
  volume={52},
  number={1-2},
  pages={127--161},
  year={2016},
  publisher={Taylor \& Francis},
  keywords={family}
}

@article{de2010migration,
  title={Migration as emancipation? The impact of internal and international migration on the position of women left behind in rural Morocco},
  author={De Haas, Hein and Van Rooij, Aleida},
  journal={Oxford development studies},
  volume={38},
  number={1},
  pages={43--62},
  year={2010},
  publisher={Taylor \& Francis},
  keywords={family}
}
@article{de1993family,
  title={Family life across the border: Mexican wives left behind},
  author={De Snyder, V Neily Salgado},
  journal={Hispanic Journal of Behavioral Sciences},
  volume={15},
  number={3},
  pages={391--401},
  year={1993},
  publisher={SAGE PUBLICATIONS, INC. 2455 Teller Road, Thousand Oaks, CA 91320},
  keywords={family}
}
@article{desai2008negotiated,
  title={Negotiated identities: Male migration and left-behind wives in India},
  author={Desai, Sonalde and Banerji, Manjistha},
  journal={Journal of Population Research},
  volume={25},
  number={3},
  pages={337--355},
  year={2008},
  publisher={Springer},
  keywords={family}
}
%% Children
@article{dobson2009unpacking,
  title={Unpacking children in migration research},
  author={Dobson, Madeleine E},
  journal={Children's Geographies},
  volume={7},
  number={3},
  pages={355--360},
  year={2009},
  publisher={Taylor \& Francis},
  keywords={children}
}

@article{white2011children,
  title={Children's roles in transnational migration},
  author={White, Allen and N{\'\i} Laoire, Caitr{\'\i}ona and Tyrrell, Naomi and Carpena-M{\'e}ndez, Fina},
  journal={Journal of ethnic and Migration Studies},
  volume={37},
  number={8},
  pages={1159--1170},
  year={2011},
  publisher={Taylor \& Francis},
  keywords={children}
}
@article{huijsmans2011child,
  title={Child migration and questions of agency},
  author={Huijsmans, Roy},
  journal={Development and Change},
  volume={42},
  number={5},
  pages={1307--1321},
  year={2011},
  publisher={Blackwell Publishing Ltd Oxford, UK},
  keywords={children}
}
@article{clemens2017violence,
  title={Violence, development, and migration waves: Evidence from Central American child migrant apprehensions},
  author={Clemens, Michael A},
  journal={Center for Global Development Working Paper},
  number={459},
  year={2017},
  keywords={children}
}
@article{antman2010adult,
  title={Adult child migration and the health of elderly parents left behind in Mexico},
  author={Antman, Francisca M},
  journal={American Economic Review},
  volume={100},
  number={2},
  pages={205--08},
  year={2010},
  keywords={children}
}
@article{donato2011migration,
  title={Migration, social networks, and child health in Mexican families},
  author={Donato, Katharine M and Duncan, Ebony M},
  journal={Journal of Marriage and Family},
  volume={73},
  number={4},
  pages={713--728},
  year={2011},
  publisher={Wiley Online Library},
  keywords={children}
}
@article{donato2015children,
  title={Children's migration to the United States from Mexico and Central America: Evidence from the Mexican and Latin American migration projects},
  author={Donato, Katharine M and Sisk, Blake},
  journal={Journal on Migration and Human Security},
  volume={3},
  number={1},
  pages={58--79},
  year={2015},
  publisher={SAGE Publications Sage CA: Los Angeles, CA},
  keywords={children}
}
@article{dreby2012burden,
  title={The burden of deportation on children in Mexican immigrant families},
  author={Dreby, Joanna},
  journal={Journal of Marriage and Family},
  volume={74},
  number={4},
  pages={829--845},
  year={2012},
  publisher={Wiley Online Library},
  keywords={children}
}
@article{hagan1996new,
  title={New kid in town: Social capital and the life course effects of family migration on children},
  author={Hagan, John and MacMillan, Ross and Wheaton, Blair},
  journal={American sociological review},
  pages={368--385},
  year={1996},
  publisher={JSTOR},
  keywords={children}
}

%%Networks
@article{portes1998social,
  title={Social capital: Its origins and applications in modern sociology},
  author={Portes, Alejandro},
  journal={Annual review of sociology},
  volume={24},
  number={1},
  pages={1--24},
  year={1998},
  publisher={Annual Reviews 4139 El Camino Way, PO Box 10139, Palo Alto, CA 94303-0139, USA},
  keywords={networks}
}
@article{fussell2004limits,
  title={The limits to cumulative causation: International migration from Mexican urban areas},
  author={Fussell, Elizabeth and Massey, Douglas S},
  journal={Demography},
  volume={41},
  number={1},
  pages={151--171},
  year={2004},
  publisher={Springer},
  keywords={networks}
}
@article{delechat2001international,
  title={International migration dynamics: The role of experience and social networks},
  author={Del{\'e}chat, Corinne},
  journal={Labour},
  volume={15},
  number={3},
  pages={457--486},
  year={2001},
  publisher={Wiley Online Library},
  keywords={networks}
}
@article{garip2008social,
  title={Social capital and migration: How do similar resources lead to divergent outcomes?},
  author={Garip, Filiz},
  journal={Demography},
  volume={45},
  number={3},
  pages={591--617},
  year={2008},
  publisher={Springer},
  keywords={networks}
}
@article{davis2002domestic,
  title={Domestic and international migration from rural Mexico: Disaggregating the effects of network structure and composition},
  author={Davis, Benjamin and Stecklov, Guy and Winters, Paul},
  journal={Population Studies},
  volume={56},
  number={3},
  pages={291--309},
  year={2002},
  publisher={Taylor \& Francis},
  keywords={networks}
}
@article{pedersen2008selection,
  title={Selection and network effects—Migration flows into OECD countries 1990--2000},
  author={Pedersen, Peder J and Pytlikova, Mariola and Smith, Nina},
  journal={European Economic Review},
  volume={52},
  number={7},
  pages={1160--1186},
  year={2008},
  publisher={Elsevier},
  keywords={networks}
}
@article{mckenzie2010self,
  title={Self-selection patterns in Mexico-US migration: the role of migration networks},
  author={McKenzie, David and Rapoport, Hillel},
  journal={The Review of Economics and Statistics},
  volume={92},
  number={4},
  pages={811--821},
  year={2010},
  publisher={MIT Press},
  keywords={networks}
}
@article{liu2013migrant,
  title={Migrant networks and international migration: Testing weak ties},
  author={Liu, Mao-Mei},
  journal={Demography},
  volume={50},
  number={4},
  pages={1243--1277},
  year={2013},
  publisher={Springer},
  keywords={networks}
}
@article{creighton2013migration,
  title={Migration and the Gendered Origin of Migrant Networks Among Couples in Mexico},
  author={Creighton, Mathew J and Riosmena, Fernando},
  journal={Social science quarterly},
  volume={94},
  number={1},
  pages={79--99},
  year={2013},
  publisher={Wiley Online Library},
  keywords={networks}
}
@article{curran2005gendered,
  title={Gendered migrant social capital: Evidence from Thailand},
  author={Curran, Sara R and Garip, Filiz and Chung, Chang Y and Tangchonlatip, Kanchana},
  journal={Social forces},
  volume={84},
  number={1},
  pages={225--255},
  year={2005},
  publisher={The University of North Carolina Press},
  keywords={networks}
}
@article{woodruff2007migration,
  title={Migration networks and microenterprises in Mexico},
  author={Woodruff, Christopher and Zenteno, Rene},
  journal={Journal of development economics},
  volume={82},
  number={2},
  pages={509--528},
  year={2007},
  publisher={Elsevier},
  keywords={networks}
}
@article{granovetter1973,
  title={The Strength of Weak Ties},
  author={Granovetter, Mark S},
  journal={American Journal of Sociology},
  volume={78},
  number={6},
  pages={1360--1380},
  year={1973},
  keywords={networks}
}
@article{montgomery1991,
  title={Social networks and labor-market outcomes: Toward an economic analysis},
  author={Montgomery, James D},
  journal={The American economic review},
  volume={81},
  number={5},
  pages={1408--1418},
  year={1991},
  publisher={JSTOR},
  keywords={networks}
}
@article{munshi2003,
  title={Networks in the modern economy: Mexican migrants in the US labor market},
  author={Munshi, Kaivan},
  journal={The Quarterly Journal of Economics},
  volume={118},
  number={2},
  pages={549--599},
  year={2003},
  publisher={MIT Press},
  keywords={networks}
}
@book{durand2017,
  title={Historia minima de la migracion Mexico-Estados Unidos},
  author={Durand, Jorge},
  year={2017},
  publisher={El Colegio de Mexico AC},
  keywords={networks}
}
@article{amuedo2007,
  title={Social networks and their impact on the earnings of Mexican migrants},
  author={Amuedo-Dorantes, Catalina and Mundra, Kusum},
  journal={Demography},
  volume={44},
  number={4},
  pages={849--863},
  year={2007},
  publisher={Springer},
  keywords={networks}
}
@article{wilson1998weak,
  title={Weak ties, strong ties: Network principles in Mexican migration},
  author={Wilson, Tamar Diana},
  journal={Human Organization},
  pages={394--403},
  year={1998},
  publisher={JSTOR},
  keywords={networks}
}

@article{palloni2001social,
  title={Social capital and international migration: A test using information on family networks},
  author={Palloni, Alberto and Massey, Douglas S and Ceballos, Miguel and Espinosa, Kristin and Spittel, Michael},
  journal={American Journal of Sociology},
  volume={106},
  number={5},
  pages={1262--1298},
  year={2001},
  publisher={The University of Chicago Press},
  keywords={networks}
}
@article{mouw2006estimating,
  title={Estimating the causal effect of social capital: A review of recent research},
  author={Mouw, Ted},
  journal={Annu. Rev. Sociol.},
  volume={32},
  pages={79--102},
  year={2006},
  publisher={Annual Reviews},
  keywords={networks}
}
@article{aguilera2003social,
  title={Social capital and the wages of Mexican migrants: New hypotheses and tests},
  author={Aguilera, Michael B and Massey, Douglas S},
  journal={Social forces},
  volume={82},
  number={2},
  pages={671--701},
  year={2003},
  publisher={The University of North Carolina Press},
  keywords={networks}
}

@article{massey2011social,
  title={Social capital and international migration from Latin America},
  author={Massey, Douglas S and Aysa-Lastra, Maria},
  journal={International journal of population research},
  volume={2011},
  year={2011},
  publisher={Hindawi},
  keywords={networks}
}
@article{woodruff2007migration,
  title={Migration networks and microenterprises in Mexico},
  author={Woodruff, Christopher and Zenteno, Rene},
  journal={Journal of development economics},
  volume={82},
  number={2},
  pages={509--528},
  year={2007},
  publisher={Elsevier},
  keywords={networks}
}
@article{mckenzie2007network,
  title={Network effects and the dynamics of migration and inequality: theory and evidence from Mexico},
  author={McKenzie, David and Rapoport, Hillel},
  journal={Journal of development Economics},
  volume={84},
  number={1},
  pages={1--24},
  year={2007},
  publisher={Elsevier},
  keywords={networks}
}





